@article{Georga2013,
  title     = {Personalized glucose prediction in type 1 diabetes using support vector regression},
  author    = {Georga, Eleni I and Protopappas, Vasileios C and Polyzos, Dimitrios and Fotiadis, Dimitrios I},
  journal   = {IEEE Transactions on Biomedical Engineering},
  volume    = {60},
  number    = {3},
  pages     = {681--689},
  year      = {2013},
  publisher = {IEEE}
}

@article{Zhu2019,
  title     = {Deep learning for glucose prediction: convolutional neural networks and recurrent neural networks},
  author    = {Zhu, Tingting and Li, Ke and Herrero, Pau and Georgiou, Pantelis},
  journal   = {IEEE Journal of Biomedical and Health Informatics},
  volume    = {24},
  number    = {2},
  pages     = {603--613},
  year      = {2019},
  publisher = {IEEE}
}

@article{Cameron2018,
  title     = {Mobile applications for diabetes self-management: A systematic review},
  author    = {Cameron, Fiona and Wilson, David M and Buckingham, Bruce and Arzumanyan, Hasmik and Clinton, Paula and Chase, H Peter and Lum, John and Maahs, David M and Calhoun, Peter and Bequette, B Wayne and others},
  journal   = {Journal of Diabetes Science and Technology},
  volume    = {12},
  number    = {4},
  pages     = {813--825},
  year      = {2018},
  publisher = {SAGE Publications Sage CA: Los Angeles, CA}
}

@article{Bickmore2018,
  title     = {Patient and consumer safety risks when using conversational assistants for medical information: an observational study of Siri, Alexa, and Google Assistant},
  author    = {Bickmore, Timothy W and Trinh, Ha and Olafsson, Stefan and O'Leary, Teresa K and Asadi, Razieh and Rickles, Nathaniel M and Paasche-Orlow, Michael K},
  journal   = {Journal of Medical Internet Research},
  volume    = {20},
  number    = {9},
  pages     = {e11510},
  year      = {2018},
  publisher = {JMIR Publications Inc., Toronto, Canada}
} 